@inproceedings{
    zouhar2021artefact,
    title={Artefact Retrieval: Overview of {NLP} Models with Knowledge Base Access},
    author={Vil{\'e}m Zouhar and Marius Mosbach and Debanjali Biswas and Dietrich Klakow},
    booktitle={Workshop on Commonsense Reasoning and Knowledge Bases},
    year={2021},
    url={https://openreview.net/forum?id=9_oCNR6R9l2}
}

@article {multioutput_learning,
	Title = {Survey on Multi-Output Learning},
	Author = {Xu, Donna and Shi, Yaxin and Tsang, Ivor W and Ong, Yew-Soon and Gong, Chen and Shen, Xiaobo},
	DOI = {10.1109/tnnls.2019.2945133},
	Number = {7},
	Volume = {31},
	Month = {July},
	Year = {2020},
	Journal = {IEEE transactions on neural networks and learning systems},
	ISSN = {2162-237X},
	Pages = {2409—2429},
	URL = {https://doi.org/10.1109/TNNLS.2019.2945133},
}

@article{joly2019gradient,
  title={Gradient tree boosting with random output projections for multi-label classification and multi-output regression},
  author={Joly, Arnaud and Wehenkel, Louis and Geurts, Pierre},
  journal={arXiv preprint arXiv:1905.07558},
  year={2019}
}
@article{svm,
    title={Support-vector networks},
    author={Cortes, Corinna and Vapnik, Vladimir},
    journal={Machine learning},
    volume={20},
    number={3},
    pages={273--297},
    year={1995},
    publisher={Springer}
} 
@article{roberta,
  title={Roberta: A robustly optimized bert pretraining approach},
  author={Liu, Yinhan and Ott, Myle and Goyal, Naman and Du, Jingfei and Joshi, Mandar and Chen, Danqi and Levy, Omer and Lewis, Mike and Zettlemoyer, Luke and Stoyanov, Veselin},
  journal={arXiv preprint arXiv:1907.11692},
  year={2019}
}
@inproceedings{bert,
    title = "{BERT}: Pre-training of Deep Bidirectional Transformers for Language Understanding",
    author = "Devlin, Jacob  and
      Chang, Ming-Wei  and
      Lee, Kenton  and
      Toutanova, Kristina",
    booktitle = "Proceedings of the 2019 Conference of the North {A}merican Chapter of the Association for Computational Linguistics: Human Language Technologies, Volume 1 (Long and Short Papers)",
    month = jun,
    year = "2019",
    address = "Minneapolis, Minnesota",
    publisher = "Association for Computational Linguistics",
    url = "https://aclanthology.org/N19-1423",
    doi = "10.18653/v1/N19-1423",
    pages = "4171--4186",
}
@inproceedings{glove,
  title={Glove: Global vectors for word representation},
  author={Pennington, Jeffrey and Socher, Richard and Manning, Christopher D},
  booktitle={Proceedings of the 2014 conference on empirical methods in natural language processing (EMNLP)},
  pages={1532--1543},
  year={2014}
}
@article{lstm,
  title={Long short-term memory},
  author={Hochreiter, Sepp and Schmidhuber, J{\"u}rgen},
  journal={Neural computation},
  volume={9},
  number={8},
  pages={1735--1780},
  year={1997},
  publisher={MIT Press}
}
@misc{kingma2017adam,
      title={Adam: A Method for Stochastic Optimization}, 
      author={Diederik P. Kingma and Jimmy Ba},
      year={2017},
      eprint={1412.6980},
      archivePrefix={arXiv},
      primaryClass={cs.LG}
}
@inproceedings{xin2020early,
  title={Early exiting BERT for efficient document ranking},
  author={Xin, Ji and Nogueira, Rodrigo and Yu, Yaoliang and Lin, Jimmy},
  booktitle={Proceedings of SustaiNLP: Workshop on Simple and Efficient Natural Language Processing},
  pages={83--88},
  year={2020}
}

@inproceedings{jiang2019multi,
  title={Multi-input multi-output sequence labeling for joint extraction of fact and condition tuples from scientific text},
  author={Jiang, Tianwen and Zhao, Tong and Qin, Bing and Liu, Ting and Chawla, Nitesh and Jiang, Meng},
  booktitle={Proceedings of the 2019 Conference on Empirical Methods in Natural Language Processing and the 9th International Joint Conference on Natural Language Processing (EMNLP-IJCNLP)},
  year={2019}
}
@article{yao2020exploiting,
  title={Exploiting web images for multi-output classification: From category to subcategories},
  author={Yao, Yazhou and Shen, Fumin and Xie, Guosen and Liu, Li and Zhu, Fan and Zhang, Jian and Shen, Heng Tao},
  journal={IEEE transactions on neural networks and learning systems},
  volume={31},
  number={7},
  pages={2348--2360},
  year={2020},
  publisher={IEEE}
}
@article{proencca2020quadruplet,
  title={A Quadruplet Loss for Enforcing Semantically Coherent Embeddings in Multi-Output Classification Problems},
  author={Proen{\c{c}}a, Hugo and Yaghoubi, Ehsan and Alirezazadeh, Pendar},
  journal={IEEE Transactions on Information Forensics and Security},
  volume={16},
  pages={800--811},
  year={2020},
  publisher={IEEE}
}

@inproceedings{suhane2021multi,
  title={Multi output learning using task wise attention for predicting binary properties of tweets: Shared-task-on-fighting the COVID-19 infodemic},
  author={Suhane, Ayush and Kowshik, Shreyas},
  booktitle={Proceedings of the Fourth Workshop on NLP for Internet Freedom: Censorship, Disinformation, and Propaganda},
  pages={110--114},
  year={2021}
}


@article{montiel2018scikit,
  title={Scikit-multiflow: A multi-output streaming framework},
  author={Montiel, Jacob and Read, Jesse and Bifet, Albert and Abdessalem, Talel},
  journal={The Journal of Machine Learning Research},
  volume={19},
  number={1},
  pages={2915--2914},
  year={2018},
  publisher={JMLR. org}
}

@article{borchani2015survey,
  title={A survey on multi-output regression},
  author={Borchani, Hanen and Varando, Gherardo and Bielza, Concha and Larranaga, Pedro},
  journal={Wiley Interdisciplinary Reviews: Data Mining and Knowledge Discovery},
  volume={5},
  number={5},
  pages={216--233},
  year={2015},
  publisher={Wiley Online Library}
}
@Inbook{Beitzel2009,
    author="Beitzel, Steven M.
    and Jensen, Eric C.
    and Frieder, Ophir",
    title="Average R-Precision",
    bookTitle="Encyclopedia of Database Systems",
    year="2009",
    publisher="Springer US",
    address="Boston, MA",
    pages="195--195",
    isbn="978-0-387-39940-9",
    doi="10.1007/978-0-387-39940-9_491",
    url="https://doi.org/10.1007/978-0-387-39940-9_491"
}
@article{longformer,
  title={Longformer: The long-document transformer},
  author={Beltagy, Iz and Peters, Matthew E and Cohan, Arman},
  journal={arXiv preprint arXiv:2004.05150},
  year={2020}
}
@article{he2021efficient,
  title={Efficient nearest neighbor language models},
  author={He, Junxian and Neubig, Graham and Berg-Kirkpatrick, Taylor},
  journal={arXiv preprint arXiv:2109.04212},
  year={2021}
}
@inproceedings{logan2019barack,
  title={Barack’s Wife Hillary: Using Knowledge Graphs for Fact-Aware Language Modeling},
  author={Logan, Robert and Liu, Nelson F and Peters, Matthew E and Gardner, Matt and Singh, Sameer},
  booktitle={Proceedings of the 57th Annual Meeting of the Association for Computational Linguistics},
  pages={5962--5971},
  year={2019}
}
@article{cover1991elements,
  title={Elements of Information Theory,(pp 33-36) John Wiley and Sons},
  author={Cover, TM and Thomas, JA},
  journal={Inc, NY},
  year={1991}
}
@article{tsne,
  title={Visualizing data using t-SNE.},
  author={Van der Maaten, Laurens and Hinton, Geoffrey},
  journal={Journal of machine learning research},
  volume={9},
  number={11},
  year={2008}
}
